@article{liemert2012,
    author = {Liemert, André and Kienle, Alwin},
    title = {Infinite space Green’s function of the time-dependent radiative transfer equation},
    journal = {Biomedical Optics Express},
    year = {2012},
    volume = {3},
    number = {3},
    pages = {543-551},
    doi = {https://doi.org/10.1364/BOE.3.000543}
}
@article{auger2020anisotropy,
author = {{The Pierre Auger Collaboration}},
title = {Anisotropy and chemical composition of ultra-high energy cosmic rays using arrival directions measured by the Pierre Auger Observatory},
journal = {The Astrophysical Journal},
year = {2020},
volume = {894},
number = {2},
pages = {100},
doi = {10.3847/1538-4355/ab75e0},
}

@article{auger2020spectrum,
author = {{The Pierre Auger Collaboration}},
title = {Features of the Energy Spectrum of Cosmic Rays above 2.5×10$^{18}$ eV using the Pierre Auger Observatory},
journal = {Physical Review Letters},
year = {2020},
volume = {125},
issue = {12},
pages = {121106},
doi = {10.1103/PhysRevLett.125.121106},
}
@article{ARGUELLES2022108346,
title = {nuSQuIDS: A toolbox for neutrino propagation},
journal = {Computer Physics Communications},
volume = {277},
pages = {108346},
year = {2022},
issn = {0010-4655},
doi = {https://doi.org/10.1016/j.cpc.2022.108346},
url = {https://www.sciencedirect.com/science/article/pii/S0010465522000649},
author = {Carlos A. Argüelles and Jordi Salvado and Christopher N. Weaver}
}

@article{AIELLO2020107477,
title = {gSeaGen: The KM3NeT GENIE-based code for neutrino telescopes},
journal = {Computer Physics Communications},
volume = {256},
pages = {107477},
year = {2020},
issn = {0010-4655},
doi = {https://doi.org/10.1016/j.cpc.2020.107477},
url = {https://www.sciencedirect.com/science/article/pii/S0010465520302241},
author = {S. Aiello et al.}
}

@article{kotera2011astrophysics,
author = {Kotera, Kumiko and Olinto, Angela V.},
title = {The Astrophysics of Ultrahigh Energy Cosmic Rays},
journal = {Annual Review of Astronomy and Astrophysics},
year = {2011},
volume = {49},
pages = {119-153},
doi = {10.1146/annurev-astro-082708-101816},
}
@article{Koehne:2013gpa,
    author = "Koehne, J. H. and Frantzen, K. and Schmitz, M. and Fuchs, T. and Rhode, W. and Chirkin, D. and Becker Tjus, J.",
    title = "{PROPOSAL: A tool for propagation of charged leptons}",
    doi = "10.1016/j.cpc.2013.04.001",
    journal = "Comput. Phys. Commun.",
    volume = "184",
    pages = "2070--2090",
    year = "2013"
}


@article{Troitskii:2024,
	author = {С. В. Троицкий},
	title = {Происхождение астрофизических нейтрино высоких энергий: новые результаты и перспективы},
	publisher = {Успехи физических наук},
	year = {2024},
	journal = {Усп. физ. наук},
	volume = {194},
	number = {4},
	pages = {371-383},
	url = {https://ufn.ru/ru/articles/2024/4/e/},
	doi = {10.3367/UFNr.2023.04.039581}
}
@article{kimura2017ultrahigh,
    author = {Kimura, Shigeo S. and Murase, Kohta and Mészáros, Peter},
    title = {Ultrahigh Energy Cosmic Rays from Neutron Star Mergers},
    journal = {The Astrophysical Journal Letters},
    year = {2017},
    volume = {851},
    number = {2},
    pages = {L23},
    doi = {10.3847/2041-8213/aa9d3b},
}

@article{Naumov:1998sf,
    author = "Naumov, Vadim A. and Perrone, Lorenzo",
    title = "{Neutrino propagation through matter}",
    eprint = "hep-ph/9804301",
    archivePrefix = "arXiv",
    doi = "10.1016/S0927-6505(98)00046-2",
    journal = "Astropart. Phys.",
    volume = "10",
    pages = "239--252",
    year = "1999"
}

@article{Buckley_2015,
   title={LHAPDF6: parton density access in the LHC precision era},
   volume={75},
   ISSN={1434-6052},
   url={http://dx.doi.org/10.1140/epjc/s10052-015-3318-8},
   DOI={10.1140/epjc/s10052-015-3318-8},
   number={3},
   journal={The European Physical Journal C},
   publisher={Springer Science and Business Media LLC},
   author={Buckley, Andy and Ferrando, James and Lloyd, Stephen and Nordström, Karl and Page, Ben and Rüfenacht, Martin and Schönherr, Marek and Watt, Graeme},
   year={2015},
   month=mar }

@article{Abbott:2017,
author = {Abbott, B. P. et al.},
title = {Gravitational Waves and Gamma-Rays from a Binary Neutron Star Merger: GW170817 and GRB 170817A},
journal = {The Astrophysical Journal Letters},
year = {2017},
volume = {848},
number = {2},
pages = {L13},
doi = {10.3847/2041-8213/aa920c},
note = {Многоканальное наблюдение слияния нейтронных звезд, предоставившее уникальные данные об астрофизике таких систем и связанных с ними процессах (например, килоновых).}
}

@article{LIGOScientific:2018Sens,
author = {{LIGO Scientific Collaboration} and {Virgo Collaboration}},
title = {GW170817: Implications for the Stochastic Gravitational-Wave Background from Compact Binary Coalescences},
journal = {Physical Review Letters},
year = {2018},
volume = {120},
number = {9},
pages = {091101},
doi = {10.1103/PhysRevLett.120.091101},
note = {Во многих статьях коллабораций LIGO/Virgo обсуждается зависимость между амплитудой сигнала, расстоянием до источника и чувствительностью детекторов, что напрямую связано с данным утверждением.}
}

@article{GANDHI199681,
    title = {Ultrahigh-energy neutrino interactions},
    journal = {Astroparticle Physics},
    volume = {5},
    number = {2},
    pages = {81-110},
    year = {1996},
    issn = {0927-6505},
    doi = {https://doi.org/10.1016/0927-6505(96)00008-4},
    url = {https://www.sciencedirect.com/science/article/pii/0927650596000084},
    author = {Raj Gandhi and Chris Quigg and Mary {Hall Reno} and Ina Sarcevic},
}

@article{Isaacson1968,
author = {Isaacson, Richard A.},
title = {Gravitational Radiation in the Limit of High Frequency. I. The Linear Approximation and Geometrical Optics},
journal = {Physical Review},
year = {1968},
volume = {166},
number = {5},
pages = {1263--1271},
doi = {10.1103/PhysRev.166.1263},
note = {Фундаментальная работа, в которой исследуется распространение гравитационных волн в различных средах и доказывается, что они слабо взаимодействуют с веществом.}
}

@article{Fan:2024,
author = {Fan, Yizhong and others},
title = {Resolving the stellar-collapse and hierarchical-merger origins of the coalescing black holes},
journal = {Physical Review Letters},
year = {2024},
doi = {10.1103/PhysRevLett.132.191402},
note = {Исследование, использующее данные гравитационно-волновых наблюдений (GWTC-3) для изучения происхождения черных дыр, включая формирование в результате коллапса звезд.
}
}

@article{banoo2000,
    author = {Banoo, K. and Lundstrom, M. and Smith, R.K.},
    title = {Direct solution of the Boltzmann transport equation in nanoscale Si devices},
    journal = {2000 International Conference on Simulation Semiconductor Processes and Devices},
    year = {2000},
    doi = {10.1109/SISPAD.2000.871204}
}

@article{sinegovskaya2015,
    author = {Sinegovskaya, T.S. and Morozova, A.D. and Sinegovsky, S.I.},
    title = {High-energy neutrino fluxes and flavor ratio in the Earth’s atmosphere},
    journal = {Phys. Rev. D},
    year = {2015},
    doi = {https://doi.org/10.1103/PhysRevD.91.063011}
}

@misc{nudisxs2022,
    author = {Allakhverdyan, V. A. and Naumov, D. V. and Zavyalov, S. I.},
    title = {NuDISxs: A Python package for neutrino-nucleon cross-section calculations},
    year = {2022},
    url = {https://pypi.org/project/nudisxs},
    note = {Integrates Python with Fortran routines for charged and neutral current neutrino-nucleon interaction simulations}
}
@misc{nupropagator2022,
    author = {Allakhverdyan, V. A. and Naumov, D. V. },
    title = {NuPropagator: A Python package neutrino generator for neutrino telescopes},
    year = {2022},
    url = {https://pypi.org/project/nupropagator}
}



@ARTICLE{2020SciPy-NMeth,
  author  = {Virtanen, Pauli and Gommers, Ralf and Oliphant, Travis E. and
            Haberland, Matt and Reddy, Tyler and Cournapeau, David and
            Burovski, Evgeni and Peterson, Pearu and Weckesser, Warren and
            Bright, Jonathan and {van der Walt}, St{\'e}fan J. and
            Brett, Matthew and Wilson, Joshua and Millman, K. Jarrod and
            Mayorov, Nikolay and Nelson, Andrew R. J. and Jones, Eric and
            Kern, Robert and Larson, Eric and Carey, C J and
            Polat, {\.I}lhan and Feng, Yu and Moore, Eric W. and
            {VanderPlas}, Jake and Laxalde, Denis and Perktold, Josef and
            Cimrman, Robert and Henriksen, Ian and Quintero, E. A. and
            Harris, Charles R. and Archibald, Anne M. and
            Ribeiro, Ant{\^o}nio H. and Pedregosa, Fabian and
            {van Mulbregt}, Paul and {SciPy 1.0 Contributors}},
  title   = {{{SciPy} 1.0: Fundamental Algorithms for Scientific
            Computing in Python}},
  journal = {Nature Methods},
  year    = {2020},
  volume  = {17},
  pages   = {261--272},
  url     = {https://doi.org/10.1038/s41592-019-0686-2},
  adsurl  = {https://ui.adsabs.harvard.edu/abs/2020NatMe..17..261V},
  doi     = {10.1038/s41592-019-0686-2},
}
@ARTICLE{2020NumPy-Array,
  author  = {Harris, Charles R. and Millman, K. Jarrod and
            van der Walt, Stéfan J and Gommers, Ralf and
            Virtanen, Pauli and Cournapeau, David and
            Wieser, Eric and Taylor, Julian and Berg, Sebastian and
            Smith, Nathaniel J. and Kern, Robert and Picus, Matti and
            Hoyer, Stephan and van Kerkwijk, Marten H. and
            Brett, Matthew and Haldane, Allan and
            Fernández del Río, Jaime and Wiebe, Mark and
            Peterson, Pearu and Gérard-Marchant, Pierre and
            Sheppard, Kevin and Reddy, Tyler and Weckesser, Warren and
            Abbasi, Hameer and Gohlke, Christoph and
            Oliphant, Travis E.},
  title   = {Array programming with {NumPy}},
  journal = {Nature},
  year    = {2020},
  volume  = {585},
  pages   = {357–362},
  doi     = {10.1038/s41586-020-2649-2}
}


@misc{ntsim2022,
    author = {Allakhverdyan, V. A. and Naumov, D. V. and Zavyalov, S. I.},
    title = {NTSim: Neutrino telecsope simulation},
    year = {2022},
    url = {https://pypi.org/project/ntsim}
}


@online{crproject,
    title = {CR Project},
    url = {https://github.com/carmeloevoli/The_CR_Spectrum}
}

@article{icecubeHESE2021,
    author = {Abbasi, R and et al. (IceCube Collaboration)},
    title = {IceCube high-energy starting event sample: Description and flux characterization with 7.5 years of data},
    journal = {Phys. Rev. D},
    year = {2021},
    volume = {104},
    doi = {https://doi.org/10.1103/PhysRevD.104.022002}
}

@article{aartsenLHAPDF2020,
    author = {Aartsen, M. G. and et al. (IceCube Collaboration)},
    title = {LHAPDF6: parton density access in the LHC precision era},
    journal = {Phys. Rev. Lett.},
    year = {2020},
    volume = {125},
    doi = {https://doi.org/10.1103/PhysRevLett.125.121104}
}

@article{stettner2019,
    author = {Stettner, J. (IceCube Collaboration)},
    title = {LHAPDF6: parton density access in the LHC precision era},
    journal = {PoS ICRC2019},
    year = {2020},
    doi = {https://doi.org/10.22323/1.358.1017}
}

@article{fusco2019,
    author = {Fusco, L. A. and Versari, F},
    title = {LHAPDF6: parton density access in the LHC precision era},
    journal = {PoS ICRC2019},
    year = {2020},
    doi = {https://doi.org/10.22323/1.358.1017}
}

@article{baikalDiffuse2023,
    author = {Allakhverdyan,  V. A. and et al. (Baikal-GVD Collaboration)},
    title = {Diffuse neutrino flux measurements with the Baikal-GVD neutrino telescope},
    journal = {Phys. Rev. D},
    year = {2023},
    doi = {https://doi.org/10.1103/PhysRevD.107.042005}
}

@article{naumov1999,
    author = {Naumov, V. A. and  Perrone, L.},
    title = {Neutrino propagation through matter},
    journal = {Astropart. Phys.},
    year = {1999},
    volume = {10},
    doi = {10.1016/S0927-6505(98)00046-2}
}

@article{icecubeDiffuse2024,
    author = {Naab, R. and Ganster, E. and  Zhang, Z.},
    title = {Measurement of the astrophysical diffuse neutrino flux in a combined fit of IceCube’s high energy neutrino data},
    journal = {PoS ICRC2023},
    year = {2024},
    doi = {https://doi.org/10.22323/1.444.1064}
}

@article{icecubeSouthern2024,
    author = {Abbasi, R. and et al. (IceCube Collaboration)},
    title = {Measurement of the Cosmic Neutrino Flux from the Southern Sky using 10 years of IceCube Starting Track Events},
    journal = {PoS ICRC2023},
    year = {2024},
    doi = {https://doi.org/10.22323/1.444.1008}
}

@article{plavinAGN2020,
    author = {Plavin, Alexander and et al.},
    title = {Observational Evidence for the Origin of High-energy Neutrinos in Parsec-scale Nuclei of Radio-bright Active Galaxies},
    journal = {Astrophys. J.},
    year = {2020},
    volume = {894},
    doi = {10.3847/1538-4357/ab86bd}
}

@article{bernardini2006,
    author = {Bernardini, E.},
    journal = {Nucl. Instrum. Meth. Phys. Res. A},
    year = {2006},
    volume = {567}
}

@article{plavinGalactic2022,
    author = {Plavin, Alexander and  et al.},
    title = {Galactic Contribution to the High-energy Neutrino Flux Found in Track-like IceCube Events},
    journal = {Astrophys. J.},
    year = {2022},
    volume = {940},
    doi = {10.3847/2041-8213/aca1ae}
}

@article{antaresGalactic2023,
    author = {Albert, A. and  et al.},
    title = {Hint for a TeV neutrino emission from the Galactic Ridge with ANTARES},
    journal = {Phys. Lett. B},
    year = {2023},
    volume = {841},
    doi = {https://doi.org/10.1016/j.physletb.2023.137951}
}

@article{icecubeGalactic2023,
    author = {Abbasi, R. and et al.},
    title = {Observation of high-energy neutrinos from the Galactic plane},
    journal = {Science},
    year = {2023},
    volume = {380},
    doi = {https://doi.org/10.1126/science.adc9818}
}

@article{baikalAssoc2023,
    author = {Allakhverdian, V. A. and et al.},
    title = {Search for directional associations between Baikal-GVD neutrino-induced cascades and high-energy astrophysical sources},
    journal = {Mon. Not. R. Astron. Soc.},
    year = {2023},
    volume = {526},
    doi = {https://doi.org/10.1093/mnras/stad2641}
}

@article{plavinMNRAS2023,
    author = {Plavin, A. and et al.},
    journal = {Mon. Not. R. Astron. Soc.},
    year = {2023},
    volume = {523}
}

@article{baikalGalactic2024,
    author = {Allakhverdian,  V. A. and et al.},
    title = {Probing the Galactic neutrino flux at neutrino energies above 200 TeV with the Baikal Gigaton Volume Detector},
    journal = {Mon. Not. R. Astron. Soc.},
    year = {2024},
    volume = {527}
}

@article{gallo2018,
    author = {A. Gallo Rosso, C. Mascaretti, A. Palladino, F. Vissani},
    title = {Introduction to neutrino astronomy},
    journal = {Eur. Phys. J. Plus},
    year = {2018},
    volume = {133},
    doi = {https://doi.org/10.1140/epjp/i2018-12143-6}
}

@article{icecubeTXS2018,
    author = {The IceCube Collaboration},
    title = {Multimessenger observations of a flaring blazar coincident with high-energy neutrino IceCube-170922A},
    journal = {Science},
    year = {2018},
    volume = {361},
    doi = {10.1126/science.aat1378}
}

@article{steinTDE2021,
    author = {Stein R. et al. (IceCube Collaboration)},
    title = {A tidal disruption event coincident with a high-energy neutrino},
    journal = {Nat. Astron.},
    year = {2021},
    volume = {5},
    doi = {https://doi.org/10.1038/s41550-020-01295-8}
}

@article{dzhappuevCygnus2021,
    author = {D. D. Dzhappuev et al.},
    title = {Observation of Photons above 300 TeV Associated with a High-energy Neutrino from the Cygnus Region},
    journal = {Astrophys. J. Lett.},
    year = {2021},
    volume = {916},
    doi = {10.3847/2041-8213/ac14b2}
}

@article{soper1997,
    author = {Davison E. Soper},
    title = {Parton distribution functions},
    journal = {Nucl. Phys. B - Proc. Suppl.},
    year = {1997},
    volume = {53},
    doi = {https://doi.org/10.1016/S0920-5632(96)00600-7}
}

@article{frampton1980,
    author = {P. H. Frampton, S. L. Glashow},
    title = {Unstable Heavy Particles},
    journal = {Phys. Rev. Lett.},
    year = {1980},
    volume = {44},
    doi = {https://doi.org/10.1103/PhysRevLett.44.1481}
}
@article{Vincent_2017,
   title={High-energy neutrino attenuation in the Earth and its associated uncertainties},
   volume={2017},
   ISSN={1475-7516},
   url={http://dx.doi.org/10.1088/1475-7516/2017/11/012},
   DOI={10.1088/1475-7516/2017/11/012},
   number={11},
   journal={Journal of Cosmology and Astroparticle Physics},
   publisher={IOP Publishing},
   author={Vincent, Aaron C. and Argüelles, Carlos A. and Kheirandish, Ali},
   year={2017},
   month=nov, pages={012–012} }
@article{dziewonskiPREM1981,
    author = {Dziewonski, Adam M. and Anderson, Don L.},
    title = {Preliminary reference Earth model},
    journal = {Phys. Earth Planet. Inter.},
    year = {1981},
    volume = {25},
    number = {4},
    pages = {297-356},
    doi = {https://doi.org/10.1016/0031-9201(81)90046-7}
}

@article{buckleyLHAPDF2015,
    author = {Buckley, Andy and Ferrando, James and et al.},
    title = {LHAPDF6: parton density access in the LHC precision era},
    journal = {Eur. Phys. J. C},
    year = {2015},
    volume = {75},
    number = {132},
    doi = {https://doi.org/10.1140/epjc/s10052-015-3318-8}
}

@book{peskinSchroederRU,
    author = {М. Пескин, Д. Шредер},
    title = {Введение в квантовую теорию поля},
    year = {2001},
    publisher = {РХД}
}

@article{lepageVegas2021,
    author = {G. Peter Lepage},
    title = {Adaptive Multidimensional Integration: VEGAS Enhanced},
    journal = {J. Comput. Phys.},
    year = {2021},
    volume = {439},
    number = {110386},
    doi = {https://doi.org/10.1016/j.jcp.2021.110386}
}

@online{kuzminThesis2009,
    author = {K. Kuzmin},
    title = {PhD thesis},
    year = {2009},
    url = {https://pypi.org/project/nudisxs}
}

@article{allakhverdian2023,
    author = {Vladimir Allakhverdian, Dmitry V. Naumov},
    title = {Exact Analytical Solution of the One-Dimensional Time-Dependent Radiative Transfer Equation with Linear Scattering},
    journal = {J. Quant. Spectrosc. Radiat. Transfer},
    year = {2023},
    volume = {310},
    doi = {https://doi.org/10.1016/j.jcp.2021.110386}
}

@article{allakhverdian2024,
    author = {Vladimir Allakhverdian, Dmitry V. Naumov},
    title = {Exact Analytical Solution of the One-Dimensional Time-Dependent Radiative Transfer Equation with Linear Scattering},
    journal = {J. Quant. Spectrosc. Radiat. Transfer},
    year = {2024},
    volume = {326},
    doi = {https://doi.org/10.48550/arXiv.2401.15698}
}

@article{stasielak2021,
    author = {Jaroslaw Stasielak et al.},
    title = {High-Energy Neutrino Astronomy—Baikal-GVD Neutrino Telescope in Lake Baikal},
    journal = {Symmetry},
    year = {2021},
    volume = {13},
    number = {3},
    doi = {10.3390/sym13030377}
}

@article{baikalReview2024,
    author = {G. Peter Lepage},
    title = {BAIKAL-GVD NEUTRINO TELESCOPE: UNLOCKING THE SECRETS OF THE UNIVERSE'S CATASTROPHIC EVENTS},
    journal = {Publ. Astron. Obs. Belgrade},
    year = {2024},
    volume = {104},
    doi = {https://doi.org/10.69646/aob104p039}
}
@article{ParticleDataGroup:2024cfk,
    author = "Navas, S. and others",
    collaboration = "Particle Data Group",
    title = "{Review of particle physics}",
    doi = "10.1103/PhysRevD.110.030001",
    journal = "Phys. Rev. D",
    volume = "110",
    number = "3",
    pages = "030001",
    year = "2024"
}

@article{greisen1966,
  title = {End to the Cosmic-Ray Spectrum?},
  author = {Greisen, Kenneth},
  journal = {Phys. Rev. Lett.},
  volume = {16},
  issue = {17},
  pages = {748--750},
  numpages = {0},
  year = {1966},
  month = {Apr},
  publisher = {American Physical Society},
  doi = {10.1103/PhysRevLett.16.748},
  url = {https://link.aps.org/doi/10.1103/PhysRevLett.16.748}
}
@article{caozhenchen2023,
   author = "Cao, Zhen and Chen, Songzhan and Liu, Ruoyu and Yang, Ruizhi",
   title = "Ultra-High-Energy Gamma-Ray Astronomy", 
   journal= "Annual Review of Nuclear and Particle Science",
   year = "2023",
   volume = "73",
   number = "Volume 73, 2023",
   pages = "341-363",
   doi = "https://doi.org/10.1146/annurev-nucl-112822-025357",
   url = "https://www.annualreviews.org/content/journals/10.1146/annurev-nucl-112822-025357",
   publisher = "Annual Reviews",
   issn = "1545-4134",
   type = "Journal Article",
   keywords = "extensive air shower",
   keywords = "cosmic ray",
   keywords = "gamma-ray",
   keywords = "muon content",
   keywords = "LHAASO",
   keywords = "PeVatron",
   keywords = "Crab Nebula",
   abstract = "Ultra-high-energy (UHE, &gt;0.1 PeV) γ-ray astronomy is rapidly evolving into an expanding branch of γ-ray astronomy with the surprising discovery of 12 PeVatrons and the detection of a handful of photons above 1 PeV. Nearly all known celestial object types that have emissions in the TeV band are found also to emit UHE photons. UHE γ-rays have a well-defined horizon inside our Galaxy due to the absorption of infrared and cosmic microwave backgrounds in the Universe. In the last 30 years, traditional cosmic ray (CR) measurement techniques have enabled the detection of UHE γ-rays and opened the last observation window. For leptonic sources, UHE radiation is in the deep Klein–Nishina regime, which is largely suppressed. Therefore, UHE γ-ray detection will be helpful in locating and identifying hadronic radiation sources, tracing the historic pursuit for the origin of CRs around the knee of the spectrum. The Crab Nebula is the focus of attention with measured photon emissions up to 1 PeV. In the absence of hadronic processes, these emissions may indicate the existence of an extreme accelerator of e+e−. Use of CR extensive air shower detection techniques broadens the field of view of the source observations, enabling measurement of UHE radiation surrounding the sources. These observations can probe the particle propagation inside and outside the accelerators and the subsequent injection/escape into the interstellar medium.",
  }

@article{hess2021,
author = {H.E.S.S. Collaboration et. al},
title = {Revealing x-ray and gamma ray temporal and spectral similarities in the GRB 190829A afterglow},
journal = {Science},
volume = {372},
number = {6546},
pages = {1081-1085},
year = {2021},
doi = {10.1126/science.abe8560},
URL = {https://www.science.org/doi/abs/10.1126/science.abe8560},
eprint = {https://www.science.org/doi/pdf/10.1126/science.abe8560},
}

@article{hessandmagic2021,
  author = {{H.E.S.S. Collaboration} and {MAGIC Collaboration} and Abdalla, H. and et al.},
  title = {H.E.S.S. and MAGIC observations of a sudden cessation of a very-high-energy $\gamma$-ray flare in PKS 1510-089 in May 2016},
  journal = {Astronomy \& Astrophysics},
  volume = {648},
  pages = {A23},
  year = {2021},
  doi = {10.1051/0004-6361/202038949},
  url = {https://doi.org/10.1051/0004-6361/202038949}
}

@inproceedings{Elshoukrofy:2023My,
  author = "Elshoukrofy et. al",
  title = "{Hybrid method for study multi TeV gamma rays in the TAIGA astrophysical complex: methodics and results.}",
  doi = "10.22323/1.444.0685",
  booktitle = "Proceedings of 38th International Cosmic Ray Conference {\textemdash} PoS(ICRC2023)",
  year = 2023,
  volume = "444",
  pages = "685"
}

@article{virgoandligo2016,
  title = {Observation of Gravitational Waves from a Binary Black Hole Merger},
  author = {Abbott, B. P. et. al },
  collaboration = {LIGO Scientific Collaboration and Virgo Collaboration},
  journal = {Phys. Rev. Lett.},
  volume = {116},
  issue = {6},
  pages = {061102},
  numpages = {16},
  year = {2016},
  month = {Feb},
  publisher = {American Physical Society},
  doi = {10.1103/PhysRevLett.116.061102},
  url = {https://link.aps.org/doi/10.1103/PhysRevLett.116.061102}
}
@article{ncteq15,
  title = {Parton distribution function nuclear corrections for charged lepton and neutrino deep inelastic scattering processes},
  author = {Schienbein, I. and Yu, J. Y. and Kova\ifmmode \check{r}\else \v{r}\fi{}\'{\i}k, K. and Keppel, C. and Morf\'{\i}n, J. G. and Olness, F. I. and Owens, J. F.},
  journal = {Phys. Rev. D},
  volume = {80},
  issue = {9},
  pages = {094004},
  numpages = {8},
  year = {2009},
  month = {Nov},
  publisher = {American Physical Society},
  doi = {10.1103/PhysRevD.80.094004},
  url = {https://link.aps.org/doi/10.1103/PhysRevD.80.094004}
}
